@inproceedings{author19shorthand,
    author = {Author, A. and Buthor, B. and Cuthor, C.},
    title = {Title of the paper},
    booktitle = {Proceedings of the conference},
    year = {2019},
    pages = {1--10},
    publisher = {Publisher},
    address = {City, Country},
    month = {Jan.},
    note = {DOI: 10.0000/0000.0000000000000000}
}
